@book{thomson,
title = {Modern Particle Physics},
author = {Marc Thomson},
publisher = {Cambridge University Press}
year = {2013}
keywords = {physics}
}
